@MASTERSTHESIS{belanger2009,
  YEAR    = 2009,
  AUTHOR  = "F. B\'elanger",
  TYPE    = "Essai de maîtrise",
  SCHOOL  = "Université de Sherbrooke",
  ADDRESS = "Sherbrooke, Québec, Canada",
  PAGES   = 124,
  TITLE   = "Étude de faisabilité techno-économique et sociopolitique d'un projet régional de méthanisation de lisier de porc en co-digestion",
}

@TECHREPORT{belley2008,
  YEAR        = 2008,
  AUTHOR      = "K. Belley",
  INSTITUTION = "Université de Sherbrooke",
  PAGES       = 48,
  TITLE       = "Détection de sites sécuritaires par réseaux de neurones pour un atterrissage autonome sur corps planétaire: résultats supplémentaires",
}

@ARTICLE{burke1995,
  YEAR    = 1995,
  AUTHOR  = "L. Burke and S. Flanders",
  NUMBER  = 9,
  PAGES   = "871--881",
  TITLE   = "Using ontogenic classification networks in a smart structures application",
  JOURNAL = "Computers \& Operations Research",
  VOLUME  = 22,
}

@MASTERSTHESIS{chafei2009,
  YEAR    = 2009,
  AUTHOR  = "A. Chafei",
  SCHOOL  = "Université de Sherbrooke",
  ADDRESS = "Sherbrooke, Québec, Canada",
  PAGES   = 144,
  TITLE   = "L'utilisation de systèmes intelligents réseautés pour l'instrumentation des structures en génie civil",
}

@WEBDOCUMENT{collins2008,
  YEAR        = 2008,
  AUTHOR      = "B. Collins-Sussman and B. W. Fitzpatrick and C. M. Pilato",
  LASTCHECKED = "5 " # feb # " 2009",
  EDITOR      = "B. Collins-Sussman and B. W. Fitzpatrick and C. M. Pilato",
  TITLE       = "Version control with {S}ubversion. {F}or Subversion 1.5 (Compiled from r3305)",
  SITETITLE   = "Version control with {S}ubversion",
  URL         = "http://svnbook.red-bean.com/en/1.5/svn-book.pdf",
}

@INCOLLECTION{cormen2001,
  YEAR      = 2001,
  AUTHOR    = "T. H. Cormen and C. E. Leiserson and R. L. Rivest and C. Stein",
  EDITION   = 2,
  PUBLISHER = "MIT Press",
  PAGES     = "200--220",
  BOOKTITLE = "Introduction to algorithms",
  TITLE     = "Elementary Data Structures",
}

@INPROCEEDINGS{coronado2005,
  YEAR         = 2005,
  AUTHOR       = "C. A. Coronado and M. M. Lopez",
  SERIES       = "Proceedings of FRPRCS-7",
  EDITOR       = "C. K. Shield and J. P. Busel and S. L. Walkup and D. D. Gremel",
  ADDRESS      = "Farmington Hills",
  PUBLISHER    = "American Concrete Institute",
  PAGES        = "373--390",
  BOOKTITLE    = "7th International Symposium. Fiber-Reinforced Polymer (FRP) Reinforcement for Concrete Structures",
  TITLE        = "Modeling of {FRP}-concrete bond using nonlinear damage mechanics",
  VOLUME       = 1,
}

@PHDTHESIS{francoeur2009,
  YEAR    = 2009,
  AUTHOR  = "D. Francoeur",
  SCHOOL  = "Université de Sherbrooke",
  ADDRESS = "Sherbrooke, Québec, Canada",
  PAGES   = 159,
  TITLE   = "Méthode d'identification paramétrique pour la surveillance in situ des joints à recouvrement par propagation d'ondes vibratoires",
}

@INCOLLECTION{gaddis2009,
  YEAR      = 2009,
  AUTHOR    = "T. Gaddis",
  EDITION   = 6,
  PUBLISHER = "Pearson Addison Wesley",
  PAGES     = "507--557",
  BOOKTITLE = "Starting Out with C++: from Control Structures through Objects",
	TITLE     = "Pointers",
}

@INCOLLECTION{kececioglu1991-partie,
  YEAR      = 1991,
  AUTHOR    = "D. Kececioglu",
  ADDRESS   = "Englewood Cliffs, NJ, USA",
  PUBLISHER = "Prentice Hall PTR",
  PAGES     = "215--269",
  BOOKTITLE = "Reliability engineering handbook",
  TITLE     = "The exponential distribution",
  VOLUME    = 1,
}

@BOOK{kececioglu1991,
  YEAR      = 1991,
  AUTHOR    = "D. Kececioglu",
  ADDRESS   = "Englewood Cliffs, NJ, USA",
  PUBLISHER = "Prentice Hall PTR",
  PAGES     = 547,
  TITLE     = "Reliability engineering handbook",
  VOLUME    = 2,
}

@TECHREPORT{kernighan1991,
  YEAR        = 1991,
  AUTHOR      = "B. W. Kernighan",
  INSTITUTION = "AT\&T Bell Laboratories",
  ADDRESS     = "Murray Hill, NJ, USA",
  NUMBER      = "116",
  PAGES       = 25,
  TITLE       = "{PIC} -- A Graphics Language for Typesetting, User Manual",
  TYPE        = "Computer Science Technical Report",
}

@BOOK{knuth1998-num,
  YEAR      = 1998,
  AUTHOR    = "D. E. Knuth",
  EDITION   = 3,
  ADDRESS   = "Reading, MA, USA",
  PUBLISHER = "Addison Wesley Longman",
  PAGES     = 784,
  TITLE     = "The Art of Computer Programming",
  VOLUME    = 2,
}

@INCOLLECTION{knuth1998-sort,
  YEAR       = 1998,
  AUTHOR     = "D. E. Knuth",
  EDITION    = 2,
  ADDRESS    = "Reading, MA, USA",
  PUBLISHER  = "Addison Wesley Longman",
  PAGES      = "1--391",
  BOOKTITLE = "The Art of Computer Programming",
  TITLE      = "Sorting",
  VOLUME     = 3,
}

@INCOLLECTION{meriam2010-dist,
  YEAR      = 2010,
  AUTHOR    = "J. L. Meriam and L. G. Kraige",
  EDITION   = 6,
  ADDRESS   = "Hoboken, NJ, USA",
  PUBLISHER = "John Wiley \& Sons, Inc.",
  PAGES     = "235--337",
  BOOKTITLE = "Engineering mechanics",
  TITLE     = "Distributed forces",
  VOLUME    = 1,
}

@BOOK{meriam2010,
  YEAR      = 2010,
  AUTHOR    = "J. L. Meriam and L. G. Kraige",
  EDITION   = 6,
  ADDRESS   = "Hoboken, NJ, USA",
  PUBLISHER = "John Wiley \& Sons, Inc.",
  PAGES     = 744,
  TITLE     = "Engineering mechanics",
  VOLUME    = 2,
}

@WEBPAGE{oqlf2009,
  AUTHOR      = "{Office québécois de la langue française}",
  LASTCHECKED = "12 " # nov # " 2009",
  SITETITLE   = "Le Grand dictionnaire terminologique",
  URL         = "http://www.oqlf.gouv.qc.ca/ressources/gdt.html",
}

@ARTICLE{pattamatta2009,
  YEAR    = 2009,
  AUTHOR  = "A. Pattamatta and C. K. Madnia",
  NUMBER  = 3,
  PAGES   = "608--615",
  TITLE   = "Modeling thermal transport in nanoparticle composites",
  JOURNAL = "Journal of Thermophysics and Heat Transfer",
  VOLUME  = 23,
}

@INPROCEEDINGS{prevenslik2009,
  YEAR         = 2009,
  AUTHOR       = "T. V. Prevenslik",
  ADDRESS      = "Piscataway, NJ, USA",
  PUBLISHER    = "IEEE",
  PAGES        = "73--76",
  BOOKTITLE    = "2009 Third International Conference on Quantum, Nano and Micro Technologies (ICQNM 2009)",
  TITLE        = "Heat transfer in thin films",
}

@ARTICLE{roy2009,
  YEAR    = 2009,
  AUTHOR  = "S. Roy and N. Ranganathan and S. Katkoori",
  NUMBER  = 11,
  PAGES   = "1640--1649",
  TITLE   = "A framework for power-gating functional units in embedded microprocessors",
  JOURNAL = "IEEE Transactions on Very Large Scale Integration (VLSI) Systems",
  VOLUME  = 17,
}

@BOOK{russell2003,
  YEAR      = 2003,
  AUTHOR    = "S. J. Russell and P. Norvig",
  EDITION   = 2,
  PUBLISHER = "Prentice Hall",
  PAGES     = 1080,
  TITLE     = "Artificial Intelligence: A Modern Approach",
}

@WEBDOCUMENT{statscanada2008,
  YEAR        = 2008,
  AUTHOR      = "{Statistique Canada}",
  LASTCHECKED = "8 " # mar # " 2010",
  EDITOR      = "{Statistique Canada}",
  TITLE       = "Recensement de l'agriculture de 1996",
  SITETITLE   = "Recensement de 1996",
  URL         = "http://www.statcan.gc.ca/ca-ra/agri-fra.htm",
}

@WEBPAGE{udes2009,
  AUTHOR      = "{Université de Sherbrooke}",
  LASTCHECKED = "5 " # feb # " 2009",
  SITETITLE   = "Faculté de génie - Université de Sherbrooke",
  URL         = "http://www.usherbrooke.ca/genie",
}

@ARTICLE{vasu2009,
  YEAR    = 2009,
  AUTHOR  = "V. Vasu and K. R. Krishna and A. C. S. Kumar",
  NUMBER  = "1-2",
  PAGES   = "158--171",
  TITLE   = "Heat transfer with nanofluids for electronic cooling",
  JOURNAL = "International Journal of Materials \& Product Technology",
  VOLUME  = 34,
}

@INPROCEEDINGS{yeung2006,
  YEAR         = 2006,
  AUTHOR       = "D. Yeung and J. Lowrance",
  SERIES       = "Lecture Notes in Computer Science",
  EDITOR       = "S. Mehrotra and D. D. Zeng and H. Chen and B. Thuraisingham and F.-Y. Wang",
  ADDRESS      = "Berlin, Germany",
  PUBLISHER    = "Springer",
  ORGANIZATION = "IEEE",
  PAGES        = "1--13",
  BOOKTITLE    = "Proceedings of the IEEE International Conference on Intelligence and Security Informatics",
  TITLE        = "Computer-Mediated Collaborative Reasoning and Intelligence Analysis",
  VOLUME       = 3975,
}
